<?xml version="1.0" encoding="UTF-8"?><collection xmlns="http://www.loc.gov/MARC21/slim"><record><leader>00512nam--2200181-i-4500</leader><controlfield tag="001">000042952</controlfield><controlfield tag="002">20161230</controlfield><controlfield tag="005">20161230201043</controlfield><controlfield tag="008">060222s1000------------r-----000-0-eng-d</controlfield><datafield ind1=" " ind2=" " tag="040"><subfield code="a">IFIN-HH</subfield></datafield><datafield ind1=" " ind2=" " tag="080"><subfield code="a">533.951</subfield></datafield><datafield ind1="1" ind2=" " tag="100"><subfield code="a">Stix, Thomas Howard</subfield></datafield><datafield ind1="1" ind2="0" tag="245"><subfield code="a">The theory of plasma waves</subfield><subfield code="c">Thomas howard stix</subfield></datafield><datafield ind1=" " ind2=" " tag="260"><subfield code="a">New York, Mcgraw-hill Book Company, Inc., 1962</subfield></datafield><datafield ind1=" " ind2=" " tag="300"><subfield code="a">X+283 P</subfield></datafield><datafield ind1=" " ind2=" " tag="490"><subfield code="a">Mcgraw-hill Advanced Physics Monograph Series</subfield></datafield><datafield ind1=" " ind2=" " tag="852"><subfield code="a">18603</subfield><subfield code="c">533.9</subfield></datafield><datafield ind1=" " ind2=" " tag="CAT"><subfield code="a">Sys</subfield><subfield code="c">20100922</subfield><subfield code="h">090913</subfield></datafield></record></collection>